@article{ideker2012differential,
  title={Differential network biology},
  author={Ideker, Trey and Krogan, Nevan J},
  journal={Molecular systems biology},
  volume={8},
  number={1},
  pages={565},
  year={2012},
  publisher={EMBO Press}
}

@article{barabasi2004network,
  title={Network biology: understanding the cell's functional organization},
  author={Barabasi, Albert-Laszlo and Oltvai, Zoltan N},
  journal={Nature reviews genetics},
  volume={5},
  number={2},
  pages={101--113},
  year={2004},
  publisher={Nature Publishing Group}
}

@article{mitra2013integrative,
  title={Integrative approaches for finding modular structure in biological networks},
  author={Mitra, Koyel and Carvunis, Anne-Ruxandra and Ramesh, Sanath Kumar and Ideker, Trey},
  journal={Nature Reviews Genetics},
  volume={14},
  number={10},
  pages={719--732},
  year={2013},
  publisher={Nature Publishing Group}
}


@article{marbach2012wisdom,
  title={Wisdom of crowds for robust gene network inference},
  author={Marbach, Daniel and Costello, James C and K{\"u}ffner, Robert and Vega, Nicole M and Prill, Robert J and Camacho, Diogo M and Allison, Kyle R and Kellis, Manolis and Collins, James J and Stolovitzky, Gustavo and others},
  journal={Nature methods},
  volume={9},
  number={8},
  pages={796--804},
  year={2012},
  publisher={Nature Publishing Group}
}


@article{proost2016tools,
  title={Tools of the trade: studying molecular networks in plants},
  author={Proost, Sebastian and Mutwil, Marek},
  journal={Current opinion in plant biology},
  volume={30},
  pages={143--150},
  year={2016},
  publisher={Elsevier}
}


@article{gonzalez2015molecular,
  title={Molecular systems governing leaf growth: from genes to networks},
  author={Gonz{\'a}lez, Nathalie and Inz{\'e}, Dirk},
  journal={Journal of experimental botany},
  volume={66},
  number={4},
  pages={1045--1054},
  year={2015},
  publisher={Soc Experiment Biol}
}





@article{kanitz2015comparative,
  title={Comparative assessment of methods for the computational inference of transcript isoform abundance from RNA-seq data},
  author={Kanitz, Alexander and Gypas, Foivos and Gruber, Andreas J and Gruber, Andreas R and Martin, Georges and Zavolan, Mihaela},
  journal={Genome biology},
  volume={16},
  number={1},
  pages={1},
  year={2015},
  publisher={BioMed Central}
}




@article{cavanagh2008mutations,
  title={From mutations to MAGIC: resources for gene discovery, validation and delivery in crop plants},
  author={Cavanagh, Colin and Morell, Matthew and Mackay, Ian and Powell, Wayne},
  journal={Current opinion in plant biology},
  volume={11},
  number={2},
  pages={215--221},
  year={2008},
  publisher={Elsevier}
}

